@Article{stanleyneat,
title={Evolving Neural Networks Through Augmenting Topologies},
author={Kenneth O. Stanley and Risto Miikkulainen},
volume={10},
journal={Evolutionary Computation},
number={2},
pages={99-127},
url="http://nn.cs.utexas.edu/?stanley:ec02",
year={2002}
}

@article{misevic,
	author = {Misevic, Dusan and Ofria, Charles and Lenski, Richard E},
	title = {Sexual reproduction reshapes the genetic architecture of digital organisms},
	volume = {273},
	number = {1585},
	pages = {457--464},
	year = {2006},
	doi = {10.1098/rspb.2005.3338},
	publisher = {The Royal Society},
	isbn = {1471-2954},
	issn = {0962-8452},
	journal = {Proceedings of the Royal Society of London B: Biological Sciences}
}

@article{misevicchanging,
author = {Misevic, Dusan and Ofria, Charles and Lenski, Richard E.}, 
title = {Experiments with Digital Organisms on the Origin and Maintenance of Sex in Changing Environments},
volume = {101}, 
number = {suppl 1}, 
pages = {S46-S54}, 
year = {2010}, 
doi = {10.1093/jhered/esq017}, 
URL = {http://jhered.oxfordjournals.org/content/101/suppl_1/S46.abstract}, 
eprint = {http://jhered.oxfordjournals.org/content/101/suppl_1/S46.full.pdf+html}, 
journal = {Journal of Heredity} 
}

@article{matthewhartfield,
author = {Matthew Hartfield, Peter D. Keightley}, 
title = {Current hypotheses for the evolution of sex and recombination},
year = {2012}, 
URL = {http://www.homepages.ed.ac.uk/pkeightl/publications/hartfield-keightley-2012.pdf}, 
journal = {Integrative Zoology} 
}

@article{michod1988evolution,
  title={The evolution of sex: an examination of current ideas},
  author={Michod, Richard E and Levin, BR},
  journal={AMC},
  volume={10},
  pages={12},
  year={1988}
}

@article{stanleyhypercube,
  title={A Hypercube-Based Indirect Encoding for Evolving Large-Scale Neural Networks},
  author={Stanley, Kenneth O and Dâ€™Ambrosio, David and Gauci, Jason},
  publisher={Citeseer}
}
 